@book{ADA,
	author   = {Adamy, Jürgen},
	title    = {Nichtlineare Systeme und Regelungen, 2. Auflage},
	publisher  = {Springer-Verlag Berlin Heidelberg},
	date     = {2014},
	keywords = {trusted},
}
@unpublished{rudolph2013,
	author = "Joachim Rudolph",
	title = "Flatness based control - an introduction",
	note = "Notes for a course at the University of Sarajevo on October 7-11, 2013",
	year = {2013},
}
@phdthesis{holzapfel2004nichtlineare,
	title={Nichtlineare adaptive Regelung eines unbemannten Flugger{\"a}tes},
	author={Holzapfel, Florian},
	year={2004},
	school={Universit{\"a}t M{\"u}nchen}
}
@online{Spektrum,
	author = {Greulich (Schriftleiter), Walter},
	year = {},
	title = {Lexikon der Physik - Zwangsbedingung},
	journal = {Spektrum Akademischer Verlag, Heidelberg},
	url = {https://www.spektrum.de/lexikon/physik/zwangsbedingung/15926},
	urldate = {10-04-2018}
}
@incollection{wey2002grundlagen,
	title={Grundlagen zur Synthese nichtlinearer Regelungskonzepte},
	author={Wey, Torsten},
	booktitle={Nichtlineare Regelungssysteme},
	pages={211--265},
	year={2002},
	publisher={Springer}
}
@article{robenacknichtlineare,
	title={Nichtlineare Regelungssysteme},
	author={R{\"o}benack, Klaus},
	year={2017},
	publisher={Springer}
}
@inproceedings{rouchon1993flatness,
	title={Flatness, motion planning and trailer systems},
	author={Rouchon, Pierre and Fliess, Michel and L{\'e}vine, Jean and Martin, Philippe},
	booktitle={Decision and Control, 1993., Proceedings of the 32nd IEEE Conference on},
	pages={2700--2705},
	year={1993},
	organization={IEEE}
}
@article{fliess1995flatness,
	title={Flatness and defect of non-linear systems: introductory theory and examples},
	author={Fliess, Michel and L{\'e}vine, Jean and Martin, Philippe and Rouchon, Pierre},
	journal={International journal of control},
	volume={61},
	number={6},
	pages={1327--1361},
	year={1995},
	publisher={Taylor \& Francis}
}
@Book{schnabel2014,
	Title                    = {Diplomarbeit, Implementierung und Erprobung flachheitsbasierter Steuerungs- und Regelungsansätze auf einer mobilen Roboterplattform},
	Author                   = {Schnabel, Oliver},
	Publisher                = {TU Dresden, Institut für Regelungs- und Steuerungstheorie},
	Year                     = {2014},
	Owner                    = {rst},
	Timestamp                = {2014.11.06}
}
@Book{riesmeier,
	Title                    = {Bericht zum Forschungspraktikum, Erweiterung einer mobilen Roboterplattform und Untersuchung verschiedener Regelungsansätze},
	Author                   = {Riesmeier, Marcus},
	Publisher                = {TU Dresden, Institut für Regelungs- und Steuerungstheorie},
	Year                     = {2015},
	Timestamp                = {2015.13.04}
}
@Misc{scipy,
	author =    {Eric Jones and Travis Oliphant and Pearu Peterson and others},
	title =     {{SciPy}: Open source scientific tools for {Python}},
	year =      {2001--},
	url = "http://www.scipy.org/",
	note = {[Online; accessed  2018-08-02]}
}
@Misc{pyTrajectory,
	author =    {Andreas Kunze, Carsten Knoll},
	title =     {{PyTrajectory}: {Python} library for trajectory generation for nonlinear control systems},
	year =      {2013-2016},
	url = "https://pytrajectory.readthedocs.io",
	note = {[Online; accessed  2018-08-02]}
}
@Misc{pyMoskito,
	author =    {Stefan Ecklebe, Christoph Burggraf},
	title =     {{PyMoskito}: {Python} library for repetitive modelling as well as controller and observer design},
	year =      {2017},
	version = {0.2.1},
	url = "https://pymoskito.readthedocs.io",
	note = {[Online; accessed 2018-08-02]}
}
@software{pycharm,
	author = {{JetBrains}},
	title = {PyCharm},
	url = {https://www.jetbrains.com/pycharm/documentation/g},
	version = {2018.1 Community-Edition},
	date = {2018-03-26},
}
@manual{sensor,
	author = {austriamicrosystems AG},
	title = {AS5145/AS5145A/AS5145B
	12-Bit \linebreak Programmable Magnetic Rotary Encoder},
	date = {2009},
	language = {English},
	organization = {AMS AG},
	pagetotal = {37},
	url = {https://ams.com/as5145b}
}
@manual{servo,
	author = {Parallax, Inc},
	title = {Parallax Feedback 360deg High-Speed Servo},
	date = {2017-07-09},
	language = {English},
	organization = {Parallax Inc},
	version = {v1.2},
	pagetotal = {7},
	url = {https://www.parallax.com/sites/default/files/downloads/900-00360-Feedback-360-HS-Servo-v1.1.pdf}
}
@book{rudolph2003flatness,
	title={Flatness based control of distributed parameter systems:[notes for a course at the Max Planck Institute for dynamics of complex technical systems at Magdeburg, Germany, on February 24-28, 2003]},
	author={Rudolph, Joachim},
	year={2003},
	publisher={Shaker}
}
@article{rothfuss1997flachheit,
	title={Flachheit: ein neuer Zugang zur Steuerung und Regelung nichtlinearer Systeme},
	author={Rothfu{\ss}, Ralf and Rudolph, Joachim and Zeitz, Michael},
	journal={at-Automatisierungstechnik},
	volume={45},
	number={11},
	pages={517--525},
	year={1997},
	publisher={OLDENBOURG WISSENSCHAFTSVERLAG}
}

@book{von2002flachheitsbasierte,
	title={Flachheitsbasierte Trajektorienfolgeregelung elektromechanischer Systeme},
	author={von L{\"o}wis, Johannes},
	year={2002},
	publisher={Shaker}
}